<collection xmlns="http://www.loc.gov/MARC21/slim">
<record>
<leader>     nab a22     uu 4500</leader>
<controlfield tag="001">b75e8d5cca3f46cbbd63e91be5b32412</controlfield>
<datafield tag="022" ind1=" " ind2=" ">
    <subfield code="a">1099-4300</subfield>
</datafield>
<datafield tag="100" ind1="0" ind2=" ">
    <subfield code="a">Flavia Pennini</subfield>
</datafield>
<datafield tag="245" ind1="0" ind2="0">
    <subfield code="a">The Fisher Thermodynamics of Quasi-Probabilities</subfield>
</datafield>
<datafield tag="650" ind1="0" ind2="4">
    <subfield code="a">Fisher information</subfield>
</datafield>
<datafield tag="650" ind1="0" ind2="4">
    <subfield code="a">quasi-probabilities</subfield>
</datafield>
<datafield tag="650" ind1="0" ind2="4">
    <subfield code="a">complementarity</subfield>
</datafield>
<datafield tag="650" ind1="0" ind2="4">
    <subfield code="a">Physics</subfield>
</datafield>
<datafield tag="650" ind1="0" ind2="4">
    <subfield code="a">QC1-999</subfield>
</datafield>
<datafield tag="650" ind1="0" ind2="4">
    <subfield code="a">Science</subfield>
</datafield>
<datafield tag="650" ind1="0" ind2="4">
    <subfield code="a">Q</subfield>
</datafield>


<datafield tag="700" ind1="0" ind2=" ">
    <subfield code="a">Angelo Plastino</subfield>
</datafield>
</record>