
<record>
<leader>     nab a22     uu 4500</leader>
<controlfield tag="001">0edc5af6672641c0bd45608812a34f9e</controlfield>
<datafield tag="022" ind1=" " ind2=" ">
    <subfield code="a">2077-0472</subfield>
</datafield>
<datafield tag="100" ind1="0" ind2=" ">
    <subfield code="a">Naveed Aslam</subfield>
</datafield>
<datafield tag="245" ind1="0" ind2="0">
    <subfield code="a">Aflatoxin Contamination of the Milk Supply: A Pakistan Perspective</subfield>
</datafield>
<datafield tag="650" ind1="0" ind2="4">
    <subfield code="a">aflatoxins</subfield>
</datafield>
<datafield tag="650" ind1="0" ind2="4">
    <subfield code="a">AFM1</subfield>
</datafield>
<datafield tag="650" ind1="0" ind2="4">
    <subfield code="a">AFB1</subfield>
</datafield>
<datafield tag="650" ind1="0" ind2="4">
    <subfield code="a">milk marketing chains</subfield>
</datafield>
<datafield tag="650" ind1="0" ind2="4">
    <subfield code="a">hepatocellular carcinoma</subfield>
</datafield>
<datafield tag="650" ind1="0" ind2="4">
    <subfield code="a">Agriculture (General)</subfield>
</datafield>
<datafield tag="650" ind1="0" ind2="4">
    <subfield code="a">S1-972</subfield>
</datafield>
<datafield tag="650" ind1="0" ind2="4">
    <subfield code="a">Agriculture</subfield>
</datafield>
<datafield tag="650" ind1="0" ind2="4">
    <subfield code="a">S</subfield>
</datafield>


<datafield tag="700" ind1="0" ind2=" ">
    <subfield code="a">Peter C. Wynn</subfield>
</datafield>
</record>