
<record>
<leader>     nab a22     uu 4500</leader>
<controlfield tag="001">d9fe469f75a0442382b84ba4f50007ee</controlfield>
<datafield tag="022" ind1=" " ind2=" ">
    <subfield code="a">1422-0067</subfield>
</datafield>
<datafield tag="100" ind1="0" ind2=" ">
    <subfield code="a">Rafael R. C. Cuadrat</subfield>
</datafield>
<datafield tag="245" ind1="0" ind2="0">
    <subfield code="a">Metagenomic Analysis of Upwelling-Affected Brazilian Coastal Seawater Reveals Sequence Domains of Type I PKS and Modular NRPS</subfield>
</datafield>
<datafield tag="650" ind1="0" ind2="4">
    <subfield code="a">PKS</subfield>
</datafield>
<datafield tag="650" ind1="0" ind2="4">
    <subfield code="a">NRPS</subfield>
</datafield>
<datafield tag="650" ind1="0" ind2="4">
    <subfield code="a">metagenomics</subfield>
</datafield>
<datafield tag="650" ind1="0" ind2="4">
    <subfield code="a">environmental genomics</subfield>
</datafield>
<datafield tag="650" ind1="0" ind2="4">
    <subfield code="a">upwelling</subfield>
</datafield>
<datafield tag="650" ind1="0" ind2="4">
    <subfield code="a">coastal environment</subfield>
</datafield>
<datafield tag="650" ind1="0" ind2="4">
    <subfield code="a">Chemistry</subfield>
</datafield>
<datafield tag="650" ind1="0" ind2="4">
    <subfield code="a">QD1-999</subfield>
</datafield>
<datafield tag="650" ind1="0" ind2="4">
    <subfield code="a">Science</subfield>
</datafield>
<datafield tag="650" ind1="0" ind2="4">
    <subfield code="a">Q</subfield>
</datafield>


<datafield tag="700" ind1="0" ind2=" ">
    <subfield code="a">Juliano C. Cury</subfield>
</datafield>
<datafield tag="700" ind1="0" ind2=" ">
    <subfield code="a">Alberto M. R. Dávila</subfield>
</datafield>
</record>