
<record>
<leader>     nab a22     uu 4500</leader>
<controlfield tag="001">95606ed39deb4f43b96f7e6308ad15d3</controlfield>
<datafield tag="022" ind1=" " ind2=" ">
    <subfield code="a">2304-6740</subfield>
</datafield>
<datafield tag="100" ind1="0" ind2=" ">
    <subfield code="a">Fabrizio Ortu</subfield>
</datafield>
<datafield tag="245" ind1="0" ind2="0">
    <subfield code="a">Synthesis and Reactivity of a Cerium(III) Scorpionate Complex Containing a Redox Non-Innocent 2,2′-Bipyridine Ligand</subfield>
</datafield>
<datafield tag="650" ind1="0" ind2="4">
    <subfield code="a">lanthanide</subfield>
</datafield>
<datafield tag="650" ind1="0" ind2="4">
    <subfield code="a">cerium</subfield>
</datafield>
<datafield tag="650" ind1="0" ind2="4">
    <subfield code="a">scorpionate</subfield>
</datafield>
<datafield tag="650" ind1="0" ind2="4">
    <subfield code="a">tris(pyrazolyl)borate</subfield>
</datafield>
<datafield tag="650" ind1="0" ind2="4">
    <subfield code="a">radical</subfield>
</datafield>
<datafield tag="650" ind1="0" ind2="4">
    <subfield code="a">redox non-innocent</subfield>
</datafield>
<datafield tag="650" ind1="0" ind2="4">
    <subfield code="a">Inorganic chemistry</subfield>
</datafield>
<datafield tag="650" ind1="0" ind2="4">
    <subfield code="a">QD146-197</subfield>
</datafield>


<datafield tag="700" ind1="0" ind2=" ">
    <subfield code="a">Hao Zhu</subfield>
</datafield>
<datafield tag="700" ind1="0" ind2=" ">
    <subfield code="a">Marie-Emmanuelle Boulon</subfield>
</datafield>
<datafield tag="700" ind1="0" ind2=" ">
    <subfield code="a">David P. Mills</subfield>
</datafield>
</record>