
<record>
<leader>     nab a22     uu 4500</leader>
<controlfield tag="001">18b1d70730d44573ab5c264b7f93e041</controlfield>
<datafield tag="022" ind1=" " ind2=" ">
    <subfield code="a">2306-5338</subfield>
</datafield>
<datafield tag="100" ind1="0" ind2=" ">
    <subfield code="a">Magali Troin</subfield>
</datafield>
<datafield tag="245" ind1="0" ind2="0">
    <subfield code="a">Performance and Uncertainty Evaluation of Snow Models on Snowmelt Flow Simulations over a Nordic Catchment (Mistassibi, Canada)</subfield>
</datafield>
<datafield tag="650" ind1="0" ind2="4">
    <subfield code="a">snow models</subfield>
</datafield>
<datafield tag="650" ind1="0" ind2="4">
    <subfield code="a">hydrological models</subfield>
</datafield>
<datafield tag="650" ind1="0" ind2="4">
    <subfield code="a">snowmelt</subfield>
</datafield>
<datafield tag="650" ind1="0" ind2="4">
    <subfield code="a">uncertainty</subfield>
</datafield>
<datafield tag="650" ind1="0" ind2="4">
    <subfield code="a">Canada</subfield>
</datafield>
<datafield tag="650" ind1="0" ind2="4">
    <subfield code="a">Science</subfield>
</datafield>
<datafield tag="650" ind1="0" ind2="4">
    <subfield code="a">Q</subfield>
</datafield>


<datafield tag="700" ind1="0" ind2=" ">
    <subfield code="a">Richard Arsenault</subfield>
</datafield>
<datafield tag="700" ind1="0" ind2=" ">
    <subfield code="a">François Brissette</subfield>
</datafield>
</record>