
<record>
<leader>     nab a22     uu 4500</leader>
<controlfield tag="001">5765b418183c4b70bb0b774f4627beb5</controlfield>
<datafield tag="022" ind1=" " ind2=" ">
    <subfield code="a">1420-3049</subfield>
</datafield>
<datafield tag="100" ind1="0" ind2=" ">
    <subfield code="a">Xiaoxiao Qin</subfield>
</datafield>
<datafield tag="245" ind1="0" ind2="0">
    <subfield code="a">Dihydrochalcone Compounds Isolated from Crabapple Leaves Showed Anticancer Effects on Human Cancer Cell Lines</subfield>
</datafield>
<datafield tag="650" ind1="0" ind2="4">
    <subfield code="a">Malus crabapples</subfield>
</datafield>
<datafield tag="650" ind1="0" ind2="4">
    <subfield code="a">leaves</subfield>
</datafield>
<datafield tag="650" ind1="0" ind2="4">
    <subfield code="a">dihydrochalcone compounds</subfield>
</datafield>
<datafield tag="650" ind1="0" ind2="4">
    <subfield code="a">anticancer activity</subfield>
</datafield>
<datafield tag="650" ind1="0" ind2="4">
    <subfield code="a">human cancer cell lines</subfield>
</datafield>
<datafield tag="650" ind1="0" ind2="4">
    <subfield code="a">Organic chemistry</subfield>
</datafield>
<datafield tag="650" ind1="0" ind2="4">
    <subfield code="a">QD241-441</subfield>
</datafield>
<datafield tag="650" ind1="0" ind2="4">
    <subfield code="a">Chemistry</subfield>
</datafield>
<datafield tag="650" ind1="0" ind2="4">
    <subfield code="a">QD1-999</subfield>
</datafield>
<datafield tag="650" ind1="0" ind2="4">
    <subfield code="a">Science</subfield>
</datafield>
<datafield tag="650" ind1="0" ind2="4">
    <subfield code="a">Q</subfield>
</datafield>


<datafield tag="700" ind1="0" ind2=" ">
    <subfield code="a">Yun Feng Xing</subfield>
</datafield>
<datafield tag="700" ind1="0" ind2=" ">
    <subfield code="a">Zhiqin Zhou</subfield>
</datafield>
<datafield tag="700" ind1="0" ind2=" ">
    <subfield code="a">Yuncong Yao</subfield>
</datafield>
</record>