
<record>
<leader>     nab a22     uu 4500</leader>
<controlfield tag="001">d1d39464834447c8bd9c269710e1e17d</controlfield>
<datafield tag="022" ind1=" " ind2=" ">
    <subfield code="a">2073-4344</subfield>
</datafield>
<datafield tag="100" ind1="0" ind2=" ">
    <subfield code="a">Anton Axelsson</subfield>
</datafield>
<datafield tag="245" ind1="0" ind2="0">
    <subfield code="a">Ionic Liquids as Carbene Catalyst Precursors in the One-Pot Four-Component Assembly of Oxo Triphenylhexanoates (OTHOs)</subfield>
</datafield>
<datafield tag="650" ind1="0" ind2="4">
    <subfield code="a">ionic liquid</subfield>
</datafield>
<datafield tag="650" ind1="0" ind2="4">
    <subfield code="a">NHC</subfield>
</datafield>
<datafield tag="650" ind1="0" ind2="4">
    <subfield code="a">OTHO</subfield>
</datafield>
<datafield tag="650" ind1="0" ind2="4">
    <subfield code="a">multicomponent reaction</subfield>
</datafield>
<datafield tag="650" ind1="0" ind2="4">
    <subfield code="a">carbene</subfield>
</datafield>
<datafield tag="650" ind1="0" ind2="4">
    <subfield code="a">organocatalysis</subfield>
</datafield>
<datafield tag="650" ind1="0" ind2="4">
    <subfield code="a">organogel</subfield>
</datafield>
<datafield tag="650" ind1="0" ind2="4">
    <subfield code="a">MCR</subfield>
</datafield>
<datafield tag="650" ind1="0" ind2="4">
    <subfield code="a">1,6-ketoester</subfield>
</datafield>
<datafield tag="650" ind1="0" ind2="4">
    <subfield code="a">Physical and theoretical chemistry</subfield>
</datafield>
<datafield tag="650" ind1="0" ind2="4">
    <subfield code="a">QD450-801</subfield>
</datafield>
<datafield tag="650" ind1="0" ind2="4">
    <subfield code="a">Chemistry</subfield>
</datafield>
<datafield tag="650" ind1="0" ind2="4">
    <subfield code="a">QD1-999</subfield>
</datafield>
<datafield tag="650" ind1="0" ind2="4">
    <subfield code="a">Science</subfield>
</datafield>
<datafield tag="650" ind1="0" ind2="4">
    <subfield code="a">Q</subfield>
</datafield>


<datafield tag="700" ind1="0" ind2=" ">
    <subfield code="a">Linda Ta</subfield>
</datafield>
<datafield tag="700" ind1="0" ind2=" ">
    <subfield code="a">Henrik Sundén</subfield>
</datafield>
</record>