
<record>
<leader>     nab a22     uu 4500</leader>
<controlfield tag="001">83bb4f8f7d09467da97780b81ea0c21d</controlfield>
<datafield tag="022" ind1=" " ind2=" ">
    <subfield code="a">2073-8994</subfield>
</datafield>
<datafield tag="100" ind1="0" ind2=" ">
    <subfield code="a">Tosiaki Kori</subfield>
</datafield>
<datafield tag="245" ind1="0" ind2="0">
    <subfield code="a">Quaternifications and Extensions of Current Algebras on S3</subfield>
</datafield>
<datafield tag="650" ind1="0" ind2="4">
    <subfield code="a">infinite dimensional lie algebras</subfield>
</datafield>
<datafield tag="650" ind1="0" ind2="4">
    <subfield code="a">current algebra</subfield>
</datafield>
<datafield tag="650" ind1="0" ind2="4">
    <subfield code="a">lie algebra extensions</subfield>
</datafield>
<datafield tag="650" ind1="0" ind2="4">
    <subfield code="a">quaternion analysis</subfield>
</datafield>
<datafield tag="650" ind1="0" ind2="4">
    <subfield code="a">81R10</subfield>
</datafield>
<datafield tag="650" ind1="0" ind2="4">
    <subfield code="a">17B65</subfield>
</datafield>
<datafield tag="650" ind1="0" ind2="4">
    <subfield code="a">17B67</subfield>
</datafield>
<datafield tag="650" ind1="0" ind2="4">
    <subfield code="a">22E67</subfield>
</datafield>
<datafield tag="650" ind1="0" ind2="4">
    <subfield code="a">Physics</subfield>
</datafield>
<datafield tag="650" ind1="0" ind2="4">
    <subfield code="a">QC1-999</subfield>
</datafield>
<datafield tag="650" ind1="0" ind2="4">
    <subfield code="a">Science</subfield>
</datafield>
<datafield tag="650" ind1="0" ind2="4">
    <subfield code="a">Q</subfield>
</datafield>


<datafield tag="700" ind1="0" ind2=" ">
    <subfield code="a">Yuto Imai</subfield>
</datafield>
</record>