
<record>
<leader>     nab a22     uu 4500</leader>
<controlfield tag="001">39227747725f45acbe245dcf81394ee9</controlfield>
<datafield tag="022" ind1=" " ind2=" ">
    <subfield code="a">2075-4418</subfield>
</datafield>
<datafield tag="100" ind1="0" ind2=" ">
    <subfield code="a">Christina Schraml</subfield>
</datafield>
<datafield tag="245" ind1="0" ind2="0">
    <subfield code="a">Imaging of HCC—Current State of the Art</subfield>
</datafield>
<datafield tag="650" ind1="0" ind2="4">
    <subfield code="a">hepatocellular carcinoma</subfield>
</datafield>
<datafield tag="650" ind1="0" ind2="4">
    <subfield code="a">magnetic resonance imaging</subfield>
</datafield>
<datafield tag="650" ind1="0" ind2="4">
    <subfield code="a">guidelines</subfield>
</datafield>
<datafield tag="650" ind1="0" ind2="4">
    <subfield code="a">diffusion-weighted imaging</subfield>
</datafield>
<datafield tag="650" ind1="0" ind2="4">
    <subfield code="a">dynamic contrast-enhanced magnetic resonance imaging</subfield>
</datafield>
<datafield tag="650" ind1="0" ind2="4">
    <subfield code="a">computed tomography</subfield>
</datafield>
<datafield tag="650" ind1="0" ind2="4">
    <subfield code="a">dual-energy computed tomography</subfield>
</datafield>
<datafield tag="650" ind1="0" ind2="4">
    <subfield code="a">volume perfusion computed tomography</subfield>
</datafield>
<datafield tag="650" ind1="0" ind2="4">
    <subfield code="a">contrast media</subfield>
</datafield>
<datafield tag="650" ind1="0" ind2="4">
    <subfield code="a">hepatocyte specific contrast media</subfield>
</datafield>
<datafield tag="650" ind1="0" ind2="4">
    <subfield code="a">Medicine</subfield>
</datafield>
<datafield tag="650" ind1="0" ind2="4">
    <subfield code="a">R</subfield>
</datafield>
<datafield tag="650" ind1="0" ind2="4">
    <subfield code="a">Medicine (General)</subfield>
</datafield>
<datafield tag="650" ind1="0" ind2="4">
    <subfield code="a">R5-920</subfield>
</datafield>


<datafield tag="700" ind1="0" ind2=" ">
    <subfield code="a">Sascha Kaufmann</subfield>
</datafield>
<datafield tag="700" ind1="0" ind2=" ">
    <subfield code="a">Hansjoerg Rempp</subfield>
</datafield>
<datafield tag="700" ind1="0" ind2=" ">
    <subfield code="a">Roland Syha</subfield>
</datafield>
<datafield tag="700" ind1="0" ind2=" ">
    <subfield code="a">Dominik Ketelsen</subfield>
</datafield>
<datafield tag="700" ind1="0" ind2=" ">
    <subfield code="a">Mike Notohamiprodjo</subfield>
</datafield>
<datafield tag="700" ind1="0" ind2=" ">
    <subfield code="a">Konstantin Nikolaou</subfield>
</datafield>
</record>
</collection>
